<record><leader>00000cas a22000007a 4500</leader><controlfield tag="001">25105351</controlfield><controlfield tag="008">920114d18821899nyuwr ne      0    0eng d</controlfield><datafield ind1=" " ind2=" " tag="010"><subfield code="a">sn 92061660 </subfield></datafield><datafield ind1=" " ind2=" " tag="040"><subfield code="a">NYS</subfield><subfield code="b">eng</subfield><subfield code="c">NYS</subfield><subfield code="d">OCLCQ</subfield></datafield><datafield ind1=" " ind2=" " tag="042"><subfield code="a">msc</subfield></datafield><datafield ind1="0" ind2="0" tag="245"><subfield code="a">Ellicottville news.</subfield></datafield><datafield ind1=" " ind2=" " tag="260"><subfield code="a">Ellicottville, Cattaraugus County, N.Y. :</subfield><subfield code="b">N.B. Carr</subfield></datafield><datafield ind1=" " ind2=" " tag="300"><subfield code="a">v. ;</subfield><subfield code="c">50-66 cm.</subfield></datafield><datafield ind1=" " ind2=" " tag="310"><subfield code="a">Weekly</subfield></datafield><datafield ind1="1" ind2=" " tag="362"><subfield code="a">Began in 1882? Ceased in 1899?</subfield></datafield><datafield ind1=" " ind2=" " tag="500"><subfield code="a">Publishers: N.B. Carr, &lt;1884-1885&gt;; Brand Bros., &lt;1887&gt;; Arthur J. Salisbury, &lt;1896&gt;.</subfield></datafield><datafield ind1=" " ind2=" " tag="588"><subfield code="a">Description based on: Vol. 3, no. 11 (Dec. 5, 1884).</subfield></datafield><datafield ind1=" " ind2="4" tag="651"><subfield code="a">Ellicottville (N.Y.)</subfield><subfield code="v">Newspapers.</subfield></datafield><datafield ind1=" " ind2="4" tag="651"><subfield code="a">Cattaraugus County (N.Y.)</subfield><subfield code="v">Newspapers.</subfield></datafield><datafield ind1=" " ind2=" " tag="752"><subfield code="a">United States</subfield><subfield code="b">New York</subfield><subfield code="c">Cattaraugus</subfield><subfield code="d">Ellicottville.</subfield></datafield><datafield ind1="0" ind2="7" tag="785"><subfield code="t">Little Valley spy</subfield><subfield code="w">(DLC)sn 95071038</subfield></datafield><datafield ind1="0" ind2="7" tag="785"><subfield code="t">Capital herald</subfield><subfield code="w">(DLC)sn 92062062</subfield><subfield code="w">(OCoLC)26347385</subfield></datafield><datafield ind1="1" ind2=" " tag="029"><subfield code="a">AU@</subfield><subfield code="b">000025906977</subfield></datafield></record>